@misc{museum,
   author = {{Post og Tele Museum Denmark}},
   title = {Mobiltelefoner},
   year = {2012},
   howpublished = {PTT-Museum.dk, \url{http://www.ptt-museum.dk/faq/mobiltelefoner/}},
   note = {[Online; accessed 7-November-2012]}
 }
 
@article{hillebrand,
	author = {Patrick Seitz},
	title = {{Friedhelm Hillebrand hit send on Text Messaging Reboot: The German Engineer changed the Way We Chat.}},
	journal = {Investor's Business Daily},
	year = {2012},
	note = {{\url{http://search.proquest.com/docview/1032814751?accountid=8144}} [Online; accessed 6-November-2012]}
}
		
@article{A_Method_for,
	author = {David Albert Huffman},
	title = {{A Method for the Construction of Minimum-Redundancy Codes}},
	journal = {Proceedings of the IRE},
	year = {1952},
	month = {September},
	volume = {40},
	number = {9}
}

@article{Cleary84datacompression,
    author = {John G. Cleary and Ian and Ian H. Witten},
    title = {Data Compression Using Adaptive Coding and Partial String Matching},
    journal = {IEEE Transactions on Communications},
    year = {1984},
    volume = {31},
    pages = {396--402}
}

@misc{huff_wiki,
   author = "Wikipedia",
   title = "{Huffman coding}",
   year = "2012",
   howpublished = "Wikipedia.org, \url{http://en.wikipedia.org/w/index.php?title=Huffman_coding&oldid=522385524}",
   note = "[Online; accessed 14-November-2012]"
 }
 
@misc{download-sms,
  author = 	 {{Smartphone Freeware}},
  title = 	 {{SMS Zip}},
  howpublished = {Smartphone-Freeware.com, {\url{http://www.smartphone-freeware.com/download-sms-zip.html}}},
  year = {2009},
  note = {[Online; accessed 7-November-2012]}
}

@misc{smszipper,
  author = 	 {{SMSzipper}},
  title = 	 {{What is SMSzipper?}},
  howpublished = {SMSzipper.com, {\url{http://smszipper.com/en/about/}}},
  year = {2012},
  note = {[Online; accessed 7-November-2012]}
}

@misc{Pro_1,
  author = 	 {Jennifer Hord},
  title = 	 {{How SMS Works}},
  howpublished = {HowStuffWorks.com, {\url{http://computer.howstuffworks.com/e-mail-messaging/sms.htm}}},
  year = {2009},
  note = {[Online; accessed 1-November-2012]}
}

@misc{Pro_2,
  author = 	 {Thomas Breinstrup},
  title = 	 {{TDC hæver SMS-pris med 33 procent}},
  howpublished = {Business.dk, {\url{http://www.business.dk/digital/tdc-haever-sms-pris-med-33-procent}}},
  year = {2012},
  note = {[Online; accessed 28-October-2012]}
}

@misc{Pro_3,
  author = 	 {{Telenor Danmark}},
  title = 	 {{Udlandspriser Erhverv}},
  howpublished = {Telenor.dk, {\url{http://www.telenor.dk/erhverv/kundeservice/mobil/udlandspriser/}}},
  year = {2012},
  note = {[Online; accessed 28-October-2012]}
}

@misc{Pro_4,
  author = 	 {{Hi3G Denmark}},
  title = 	 {{Ring fra Danmark}},
  howpublished = {3.dk, {\url{http://www.3.dk/Privat/Kundeservice/Hjaelp_til_mobilen/Udland/Ring-fra-Danmark/}}},
  year = {2012},
  note = {[Online; accessed 28-October-2012]}
}

@misc{Pro_5,
  author = 	 {{Telia Denmark}},
  title = 	 {{Priser og Zoner}},
  howpublished = {Telia.dk, {\url{http://telia.dk/mobil/kundeservice/udland/priser/zoner}}},
  year = {2012},
  note = {[Online; accessed 28-October-2012]}
}

@misc{Pro_6,
  author =	{{Danmarks Statistik/Statistikbanken.dk}},
  title =	{{Serviceerhverv og Informationssamfundet}},
  howpublished = {{\url{http://www.dst.dk/pukora/epub/upload/16252/12ser.pdf}}},
  year = 	{2012},
  note = 	{[Online; Accessed 18-November-2012]}	
 }

@Book{sms_max1,
  author = 	 {Lee Dryburgh and Jeff Hewett},
  title = 	 {{Signaling System No. 7}},
  publisher = 	 {Cisco Press},
  year = 	 {2004}, 
  series = 	 {Networking Technology},
  edition = 	 {1},
  note = {eBook; \url{http://www.informit.com/library/library.aspx?b=Signaling_System_No_7}}
}

@Article{sms_max2,
  author = 	 {Mark Milian},
  title = 	 {{Why text messages are limited to 160 characters}},
  journal = 	 {Los Angeles Times},
  year = 	 {2009},
  note =	{{\url{http://latimesblogs.latimes.com/technology/2009/05/invented-text-messaging.html}} [Online; accessed 1-November-2012]}
}

@misc{GSM_term,
  author = 	 {{PCMag}},
  title = 	 {{Definition of: GSM}},
  howpublished = {PCMAG.COM, {\url{http://www.pcmag.com/encyclopedia_term/0,1237,t=GSM&i=43985,00.asp}}},
  year = {2012},
  note = {[Online; accessed 27-October-2012]}
}

@misc{UNICODE_standard,
  author = 	 {{The Unicode Consortium}},
  title = 	 {{What is Unicode?}},
  howpublished = {Unicode.org, {\url{http://www.unicode.org/standard/WhatIsUnicode.html}}},
  year = {2011},
  note = {[Online; accessed 27-October-2012]}
}

@misc{GSM_7_bit,
  author = 	 {{3GPP}},
  title = 	 {{TS 23.038}},
  howpublished = {File;, {\url{http://www.3gpp.org/ftp/specs/archive/23_series/23.038/23038-a00.zip}}},
  year = {2011},
  note = {[Online; accessed 27-October-2012]}
}

@misc{pro_af1,
  author = 	 {{Twitter}},
  title = 	 {{New User FAQ}},
  howpublished = {Twitter.com, {\url{https://support.twitter.com/articles/13920-get-to-know-twitter-new-user-faq}}},
  year = {2012},
  note = {[Online; accessed 27-October-2012]}
}

@misc{pro_af2,
  author = 	 {Chelsi Nakano},
  title = 	 {{Twitter Stories: Expanding Beyond the 140 Character Limit}},
  howpublished = {CMSWire.com, {\url{http://www.cmswire.com/cms/customer-experience/twitter-stories-expanding-beyond-the-140-character-limit-013346.php}}},
  year = {2011},
  note = {[Online; accessed 27-October-2012]}
}

 @misc{pro_af3,
  author =  	{Google},
  title =  	{{Think with Google - Our Mobile Planet}},
  howpublished = {{\url{http://services.google.com/fh/files/blogs/our_mobile_planet_denmark_en.pdf}}},
  year = 	{2012},
  note = {[Online; accessed 19-November-2012]}
}

@misc{entro1,
  author = 	 {Henrik Graversen and Casper Thomsen},
  title = 	 {{Entropikodning}},
  howpublished = {Version2.dk, {\url{http://www.version2.dk/leksikon/Entropikodning}}},
  year = {2012},
  note = {[Online; accessed 27-October-2012]}
}

@misc{ppm_stringology,
  author = 	 {Ing. Miroslav Balík and PhD.Ing. Marek Hanusdoc. and Ing. Jan Holub and PhD.Ing. Michal Paulícek},
  title = 	 {{PPMC}},
  howpublished = {Stringology.org, {\url{http://www.stringology.org/DataCompression/ppmc/index_en.html}}},
  year = {2006},
  note = {[Online; accessed 19-November-2012]}
}
@misc{sms_pdu,
  author = 	 {Lars Pettersson},
  title = 	 {{SMS and the PDU format}},
  howpublished = {Dreamfabric.com, {\url{http://www.dreamfabric.com/sms/}}},
  year = {2005},
  note = {[Online; accessed 4-November-2012]}
} 